@inproceedings{SELECT,
 author = {Boyer, Robert S. and Elspas, Bernard and Levitt, Karl N.},
 title = {SELECT: a Formal System for Testing and Debugging Programs by Symbolic Execution},
 booktitle = {Proceedings of the International Conference on Reliable Software},
 year = {1975},
 location = {Los Angeles, California},
 pages = {234--245},
 numpages = {12},
 doi = {10.1145/800027.808445},
 acmid = {808445},
 publisher = {ACM},
 address = {New York, NY, USA},
 keywords = {Program debugging, Program testing, Program verification, Solution of systems of inequalities, Symbolic execution, Test data generation},
}

{zamfir2010execution,
 author = {Zamfir, Cristian and Candea, George},
 title = {Execution Synthesis: A Technique for Automated Software Debugging},
 booktitle = {Proceedings of the 5th European Conference on Computer Systems},
 year = {2010},
 location = {Paris, France},
 pages = {321--334},
 numpages = {14},
 doi = {10.1145/1755913.1755946},
 acmid = {1755946},
 publisher = {ACM},
 address = {New York, NY, USA},
 keywords = {automated debugging, symbolic execution},
} 

@inproceedings{EXE,
 author = {Cadar, Cristian and Ganesh, Vijay and Pawlowski, Peter M. and Dill, David L. and Engler, Dawson R.},
 title = {EXE: Automatically Generating Inputs of Death},
 booktitle = {Proceedings of the 13th ACM Conference on Computer and Communications Security},
 year = {2006},
 location = {Alexandria, Virginia, USA},
 pages = {322--335},
 numpages = {14},
 publisher = {ACM},
 address = {New York, NY, USA},
 keywords = {attack generation, bug finding, constraint solving, dynamic analysis, symbolic execution, test case generation},
} 

@inproceedings{FWD_BWD,
 author = {Binkley, David and Harman, Mark},
 title = {Forward Slices Are Smaller Than Backward Slices},
 booktitle = {Proceedings of the Fifth IEEE International Workshop on Source Code Analysis and Manipulation},
 year = {2005},
 pages = {15--24},
 numpages = {10},
 doi = {10.1109/SCAM.2005.28},
 acmid = {1100790},
 publisher = {IEEE Computer Society},
 address = {Washington, DC, USA},
} 

@article{EFFIGY,
 author = {King, James C.},
 title = {Symbolic Execution and Program Testing},
 journal = {Commun. ACM},
 issue_date = {July 1976},
 volume = {19},
 number = {7},
 month = {6},
 year = {1976},
 issn = {0001-0782},
 pages = {385--394},
 numpages = {10},
 doi = {10.1145/360248.360252},
 acmid = {360252},
 publisher = {ACM},
 address = {New York, NY, USA},
 keywords = {program debugging, program proving, program testing, program verification, symbolic execution, symbolic interpretation},
}

@article{SSA,
 author = {Cytron, Ron and Ferrante, Jeanne and Rosen, Barry K. and Wegman, Mark N. and Zadeck, F. Kenneth},
 title = {Efficiently Computing Static Single Assignment Form and the Control Dependence Graph},
 journal = {ACM Trans. Program. Lang. Syst.},
 issue_date = {Oct. 1991},
 volume = {13},
 number = {4},
 month = oct,
 year = {1991},
 issn = {0164-0925},
 pages = {451--490},
 numpages = {40},
 doi = {10.1145/115372.115320},
 acmid = {115320},
 publisher = {ACM},
 address = {New York, NY, USA},
 keywords = {control dependence, control flow graph, def-use chain, dominator, optimizing compilers},
} 

@inproceedings{LogEnhancer,
 author = {Yuan, Ding and Zheng, Jing and Park, Soyeon and Zhou, Yuanyuan and Savage, Stefan},
 title = {Improving software diagnosability via log enhancement},
 booktitle = {Proceedings of the sixteenth international conference on Architectural support for programming languages and operating systems},
 year = {2011},
 location = {Newport Beach, California, USA},
 pages = {3--14},
 numpages = {12},
 doi = {10.1145/1950365.1950369},
 acmid = {1950369},
 publisher = {ACM},
 address = {New York, NY, USA},
 keywords = {log, software diagnosability, static analysis},
}

@inproceedings{DiSE,
 author = {Person, Suzette and Yang, Guowei and Rungta, Neha and Khurshid, Sarfraz},
 title = {Directed Incremental Symbolic Execution},
 booktitle = {Proceedings of the 32Nd ACM SIGPLAN Conference on Programming Language Design and Implementation},
 year = {2011},
 location = {San Jose, California, USA},
 pages = {504--515},
 numpages = {12},
 doi = {10.1145/1993498.1993558},
 acmid = {1993558},
 publisher = {ACM},
 address = {New York, NY, USA},
 keywords = {program differencing, software evolution, symbolic execution},
} 

@inproceedings{CUTE,
 author = {Sen, Koushik and Marinov, Darko and Agha, Gul},
 title = {CUTE: A Concolic Unit Testing Engine for C},
 booktitle = {Proceedings of the 10th European Software Engineering Conference Held Jointly with 13th ACM SIGSOFT International Symposium on Foundations of Software Engineering},
 year = {2005},
 location = {Lisbon, Portugal},
 pages = {263--272},
 numpages = {10},
 doi = {10.1145/1081706.1081750},
 acmid = {1081750},
 publisher = {ACM},
 address = {New York, NY, USA},
 keywords = {concolic testing, data structure testing, explicit path model-checking, random testing, testing C programs, unit testing},
} 


@inproceedings{BuggyFix,
 author = {Yin, Zuoning and Yuan, Ding and Zhou, Yuanyuan and Pasupathy, Shankar and Bairavasundaram, Lakshmi},
 title = {How Do Fixes Become Bugs?},
 booktitle = {Proceedings of the 19th ACM SIGSOFT Symposium and the 13th European Conference on Foundations of Software Engineering},
 year = {2011},
 location = {Szeged, Hungary},
 pages = {26--36},
 numpages = {11},
 doi = {10.1145/2025113.2025121},
 acmid = {2025121},
 publisher = {ACM},
 address = {New York, NY, USA},
 keywords = {bug fixing, human factor, incorrect fixes, software bugs, testing},
} 

@inproceedings{LogPractice,
 author = {Yuan, Ding and Park, Soyeon and Zhou, Yuanyuan},
 title = {Characterizing logging practices in open-source software},
 booktitle = {Proceedings of the 2012 International Conference on Software Engineering},
 year = {2012},
 location = {Zurich, Switzerland},
 pages = {102--112},
 numpages = {11},
 acmid = {2337236},
 publisher = {IEEE Press},
 address = {Piscataway, NJ, USA},
}

@inproceedings{SherLog,
 author = {Yuan, Ding and Mai, Haohui and Xiong, Weiwei and Tan, Lin and Zhou, Yuanyuan and Pasupathy, Shankar},
 title = {SherLog: error diagnosis by connecting clues from run-time logs},
 booktitle = {Proceedings of the fifteenth edition of ASPLOS on Architectural support for programming languages and operating systems},
 year = {2010},
 location = {Pittsburgh, Pennsylvania, USA},
 pages = {143--154},
 numpages = {12},
 doi = {10.1145/1736020.1736038},
 acmid = {1736038},
 publisher = {ACM},
 address = {New York, NY, USA},
 keywords = {failure diagnostics, log, static analysis},
}

@article{BugsInRouter,
 author = {Yin, Zuoning and Caesar, Matthew and Zhou, Yuanyuan},
 title = {Towards understanding bugs in open source router software},
 journal = {SIGCOMM Comput. Commun. Rev.},
 issue_date = {July 2010},
 volume = {40},
 number = {3},
 month = {6},
 year = {2010},
 issn = {0146-4833},
 pages = {34--40},
 numpages = {7},
 doi = {10.1145/1823844.1823849},
 acmid = {1823849},
 publisher = {ACM},
 address = {New York, NY, USA},
 keywords = {internet routing, protocols, router software, software errors},
}

@inproceedings{DeltaExecution,
 author = {Tucek, Joseph and Xiong, Weiwei and Zhou, Yuanyuan},
 title = {Efficient online validation with delta execution},
 booktitle = {Proceedings of the 14th international conference on Architectural support for programming languages and operating systems},
 year = {2009},
 location = {Washington, DC, USA},
 pages = {193--204},
 numpages = {12},
 doi = {10.1145/1508244.1508267},
 acmid = {1508267},
 publisher = {ACM},
 address = {New York, NY, USA},
 keywords = {delta execution, patch validation, testing},
}

@inproceedings{Fast09,
 author = {Jiang, Weihang and Hu, Chongfeng and Pasupathy, Shankar and Kanevsky, Arkady and Li, Zhenmin and Zhou, Yuanyuan},
 title = {Understanding customer problem troubleshooting from storage system logs},
 booktitle = {Proccedings of the 7th conference on File and storage technologies},
 year = {2009},
 location = {San Francisco, California},
 pages = {43--56},
 numpages = {14},
 acmid = {1525912},
 publisher = {USENIX Association},
 address = {Berkeley, CA, USA},
}

@inproceedings{PRES,
 author = {Park, Soyeon and Zhou, Yuanyuan and Xiong, Weiwei and Yin, Zuoning and Kaushik, Rini and Lee, Kyu H. and Lu, Shan},
 title = {PRES: probabilistic replay with execution sketching on multiprocessors},
 booktitle = {Proceedings of the ACM SIGOPS 22nd symposium on Operating systems principles},
 year = {2009},
 location = {Big Sky, Montana, USA},
 pages = {177--192},
 numpages = {16},
 doi = {10.1145/1629575.1629593},
 acmid = {1629593},
 publisher = {ACM},
 address = {New York, NY, USA},
 keywords = {concurrency bug, replay},
}

@inproceedings{ErrorPropagation,
 author = {Li, Man-Lap and Ramachandran, Pradeep and Sahoo, Swarup Kumar and Adve, Sarita V. and Adve, Vikram S. and Zhou, Yuanyuan},
 title = {Understanding the propagation of hard errors to software and implications for resilient system design},
 booktitle = {Proceedings of the 13th international conference on Architectural support for programming languages and operating systems},
 year = {2008},
 location = {Seattle, WA, USA},
 pages = {265--276},
 numpages = {12},
 doi = {10.1145/1346281.1346315},
 acmid = {1346315},
 publisher = {ACM},
 address = {New York, NY, USA},
 keywords = {architecture, error detection, fault injection, permanent fault},
}

@inproceedings{Triage,
 author = {Tucek, Joseph and Lu, Shan and Huang, Chengdu and Xanthos, Spiros and Zhou, Yuanyuan},
 title = {Triage: diagnosing production run failures at the user's site},
 booktitle = {Proceedings of twenty-first ACM SIGOPS symposium on Operating systems principles},
 year = {2007},
 location = {Stevenson, Washington, USA},
 pages = {131--144},
 numpages = {14},
 doi = {10.1145/1294261.1294275},
 acmid = {1294275},
 publisher = {ACM},
 address = {New York, NY, USA},
 keywords = {debugging, diagnosis, onsite},
}

@inproceedings{Rx,
 author = {Qin, Feng and Tucek, Joseph and Sundaresan, Jagadeesan and Zhou, Yuanyuan},
 title = {Rx: treating bugs as allergies---a safe method to survive software failures},
 booktitle = {Proceedings of the twentieth ACM symposium on Operating systems principles},
 year = {2005},
 location = {Brighton, United Kingdom},
 pages = {235--248},
 numpages = {14},
 doi = {10.1145/1095810.1095833},
 acmid = {1095833},
 publisher = {ACM},
 address = {New York, NY, USA},
 keywords = {availability, bug, reliability, software failure},
}

@inproceedings{ASID,
  author    = {Zhenmin Li and
               Lin Tan and
               Xuanhui Wang and
               Shan Lu and
               Yuanyuan Zhou and
               Chengxiang Zhai},
  title     = {Have things changed now?: an empirical study of bug characteristics
               in modern open source software},
  booktitle = {ASID},
  year      = {2006},
}

@inproceedings{CP-Miner,
  author    = {Zhenmin Li and
               Shan Lu and
               Suvda Myagmar and
               Yuanyuan Zhou},
  title     = {CP-Miner: A Tool for Finding Copy-paste and Related Bugs
               in Operating System Code},
  booktitle = {OSDI},
  year      = {2004},
}

@inproceedings{Flashback,
  author    = {Sudarshan M. Srinivasan and
               Srikanth Kandula and
               Christopher R. Andrews and
               Yuanyuan Zhou},
  title     = {Flashback: A Lightweight Extension for Rollback and Deterministic
               Replay for Software Debugging},
  booktitle = {USENIX Annual Technical Conference, General Track},
  year      = {2004},
}

@inproceedings{ReplayLog,
  author    = {Kyu Hyung Lee and
               Yunhui Zheng and
               Nick Sumner and
               Xiangyu Zhang},
  title     = {Toward generating reducible replay logs},
  booktitle = {PLDI},
  year      = {2011},
}

@inproceedings{ExecutionIndex,
  author    = {Bin Xin and
               William N. Sumner and
               Xiangyu Zhang},
  title     = {Efficient program execution indexing},
  booktitle = {PLDI},
  year      = {2008},
}

@inproceedings{EFF,
  author    = {Xiangyu Zhang and
               Sriraman Tallam and
               Rajiv Gupta},
  title     = {Dynamic slicing long running programs through execution
               fast forwarding},
  booktitle = {SIGSOFT FSE},
  year      = {2006},
}

@inproceedings{DynamicSlicing,
  author    = {Hiralal Agrawal and
               Joseph Robert Horgan},
  title     = {Dynamic Program Slicing},
  booktitle = {PLDI},
  year      = {1990},
}

@inproceedings{ExecutionComparison,
  author    = {William N. Sumner and
               Tao Bao and
               Xiangyu Zhang},
  title     = {Selecting peers for execution comparison},
  booktitle = {ISSTA},
  year      = {2011},
}

@inproceedings{klee,
 author = {Cadar, Cristian and Dunbar, Daniel and Engler, Dawson},
 title = {KLEE: Unassisted and Automatic Generation of High-coverage Tests for Complex Systems Programs},
 booktitle = {Proceedings of the 8th USENIX Conference on Operating Systems Design and Implementation},
 year = {2008},
 location = {San Diego, California},
 pages = {209--224},
 numpages = {16},
 acmid = {1855756},
 publisher = {USENIX Association},
 address = {Berkeley, CA, USA},
} 

@inproceedings{chipounov2010reverse,
 author = {Chipounov, Vitaly and Candea, George},
 title = {Reverse Engineering of Binary Device Drivers with RevNIC},
 booktitle = {Proceedings of the 5th European Conference on Computer Systems},
 year = {2010},
 location = {Paris, France},
 pages = {167--180},
 numpages = {14},
 doi = {10.1145/1755913.1755932},
 acmid = {1755932},
 publisher = {ACM},
 address = {New York, NY, USA},
 keywords = {binary, closed-source, device drivers, proprietary software, reverse engineering},
} 

@inproceedings{kuznetsov2010testing,
 author = {Kuznetsov, Volodymyr and Chipounov, Vitaly and Candea, George},
 title = {Testing Closed-source Binary Device Drivers with DDT},
 booktitle = {Proceedings of the 2010 USENIX Conference on USENIX Annual Technical Conference},
 year = {2010},
 location = {Boston, MA},
 pages = {12--12},
 numpages = {1},
 acmid = {1855852},
 publisher = {USENIX Association},
 address = {Berkeley, CA, USA},
} 

@inproceedings{S2E,
 author = {Chipounov, Vitaly and Kuznetsov, Volodymyr and Candea, George},
 title = {{S2E}: a platform for in-vivo multi-path analysis of software systems},
 booktitle = {Proceedings of the sixteenth international conference on Architectural support for programming languages and operating systems},
 year = {2011},
 location = {Newport Beach, California, USA},
 pages = {265--278},
 numpages = {14},
 doi = {10.1145/1950365.1950396},
 acmid = {1950396},
 publisher = {ACM},
 address = {New York, NY, USA},
 keywords = {analysis, binary, consistency models, dbt, framework, in-vivo, performance, symbolic execution, testing, virtualization},
}

@inproceedings{TestAsService,
  author    = {George Candea and
               Stefan Bucur and
               Cristian Zamfir},
  title     = {Automated software testing as a service},
  booktitle = {SoCC},
  year      = {2010},
}

@article{Cloud9,
  author    = {Liviu Ciortea and
               Cristian Zamfir and
               Stefan Bucur and
               Vitaly Chipounov and
               George Candea},
  title     = {Cloud9: a software testing service},
  journal   = {Operating Systems Review},
  year      = {2009},
}

@article{InformationRecycling,
  author    = {George Candea},
  title     = {Exterminating Bugs via Collective Information Recycling},
  journal   = {HotDep'11},
  year      = {2011},
}

@inproceedings{ContinuousTest,
 author = {Saff, David and Ernst, Michael D.},
 title = {An Experimental Evaluation of Continuous Testing During Development},
 booktitle = {Proceedings of the 2004 ACM SIGSOFT International Symposium on Software Testing and Analysis},
 year = {2004},
 location = {Boston, Massachusetts, USA},
 pages = {76--85},
 numpages = {10},
 doi = {10.1145/1007512.1007523},
 acmid = {1007523},
 publisher = {ACM},
 address = {New York, NY, USA},
 keywords = {continuous compilation, continuous testing, test-first development, unit testing},
} 

@inproceedings{BalanceDebugTime,
  author    = {Olivier Crameri and
               Ricardo Bianchini and
               Willy Zwaenepoel},
  title     = {Striking a new balance between program instrumentation and
               debugging time},
  booktitle = {EuroSys},
  year      = {2011},
}

@inproceedings{BugReportPrivacy,
  author = {Miguel Castro and Manuel Costa and Jean-Philippe Martin},
  title = {Better bug reporting with better privacy},
  booktitle = {ASPLOS},
  year = {2008},
  publisher = {ACM Press},
}

@article{PDG,
 author = {Ferrante, Jeanne and Ottenstein, Karl J. and Warren, Joe D.},
 title = {The program dependence graph and its use in optimization},
 journal = {ACM Trans. Program. Lang. Syst.},
 year = {1987},
}

@article{Demand-Driven,
  author    = {Evelyn Duesterwald and
               Rajiv Gupta and
               Mary Lou Soffa},
  title     = {A Practical Framework for Demand-Driven Interprocedural
               Data Flow Analysis},
  journal   = {TOPLAS},
  year = {1997},
}

@inproceedings{APSYS11,
 author = {Zhang, Cheng and Guo, Zhenyu and Wu, Ming and Lu, Longwen and Fan, Yu and Zhao, Jianjun and Zhang, Zheng},
 title = {AutoLog: Facing Log Redundancy and Insufficiency},
 booktitle = {Proceedings of the Second Asia-Pacific Workshop on Systems},
 year = {2011},
 location = {Shanghai, China},
 pages = {10:1--10:5},
 articleno = {10},
 numpages = {5},
 doi = {10.1145/2103799.2103811},
 acmid = {2103811},
 publisher = {ACM},
 address = {New York, NY, USA},
} 

@inproceedings{fixation,
 author = {Gu, Zhongxian and Barr, Earl T. and Hamilton, David J. and Su, Zhendong},
 title = {Has the Bug Really Been Fixed?},
 booktitle = {Proceedings of the 32Nd ACM/IEEE International Conference on Software Engineering - Volume 1},
 year = {2010},
 location = {Cape Town, South Africa},
 pages = {55--64},
 numpages = {10},
 doi = {10.1145/1806799.1806812},
 acmid = {1806812},
 publisher = {ACM},
 address = {New York, NY, USA},
 keywords = {bug fixes, symbolic execution, weakest precondition},
} 

@phdthesis{Andersen94programanalysis,
    author = {Lars Ole Andersen},
    title = {Program Analysis and Specialization for the C Programming Language},
    address = {DIKU},
    publisher = {DIKU},
    school = {University of Copenhagen},
    year = {1994}
}

@inproceedings{Steensgaard1996,
 author = {Steensgaard, Bjarne},
 title = {Points-to Analysis in Almost Linear Time},
 booktitle = {Proceedings of the 23rd ACM SIGPLAN-SIGACT Symposium on Principles of Programming Languages},
 year = {1996},
 location = {St. Petersburg Beach, Florida, USA},
 pages = {32--41},
 numpages = {10},
 publisher = {ACM},
 address = {New York, NY, USA},
} 

@article{DART,
 author = {Godefroid, Patrice and Klarlund, Nils and Sen, Koushik},
 title = {DART: Directed Automated Random Testing},
 journal = {SIGPLAN Not.},
 issue_date = {June 2005},
 volume = {40},
 number = {6},
 month = {6},
 year = {2005},
 issn = {0362-1340},
 pages = {213--223},
 numpages = {11},
 doi = {10.1145/1064978.1065036},
 acmid = {1065036},
 publisher = {ACM},
 address = {New York, NY, USA},
 keywords = {automated test generation, interfaces, program verification, random testing, software testing},
}

@inproceedings{apsys12,
 author = {Zhang, Cheng and Lu, Longwen and Zhou, Hucheng and Zhao, Jianjun and Zhang, Zheng},
 title = {MoonBox: Debugging with Online Slicing and Dryrun},
 booktitle = {Proceedings of the Asia-Pacific Workshop on Systems},
 year = {2012},
 location = {Seoul, Republic of Korea},
 articleno = {12},
 pages = {12:1--12:6},
 numpages = {6},
 doi = {10.1145/2349896.2349908},
 acmid = {2349908},
 publisher = {ACM},
 address = {New York, NY, USA},
} 

@inproceedings{rule,
 author = {Engler, Dawson and Chelf, Benjamin and Chou, Andy and Hallem, Seth},
 title = {Checking System Rules Using System-specific, Programmer-written Compiler Extensions},
 booktitle = {Proceedings of the 4th Conference on Symposium on Operating System Design \& Implementation - Volume 4},
 year = {2000},
 location = {San Diego, California},
 pages = {1--1},
 numpages = {1},
 acmid = {1251230},
 publisher = {USENIX Association},
 address = {Berkeley, CA, USA},
} 

@inproceedings{slicing,
 author = {Jhala, Ranjit and Majumdar, Rupak},
 title = {Path slicing},
 booktitle = {Proceedings of the 2005 ACM SIGPLAN conference on Programming language design and implementation},
 year = {2005},
 location = {Chicago, IL, USA},
 pages = {38--47},
 numpages = {10},
 publisher = {ACM},
 address = {New York, NY, USA},
 keywords = {counterexample analysis, program slicing},
}

@article{SAGE,
 author = {Godefroid, Patrice and Levin, Michael Y. and Molnar, David},
 title = {SAGE: Whitebox Fuzzing for Security Testing},
 journal = {Queue},
 issue_date = {January 2012},
 volume = {10},
 number = {1},
 month = jan,
 year = {2012},
 issn = {1542-7730},
 pages = {20:20--20:27},
 articleno = {20},
 numpages = {8},
 doi = {10.1145/2090147.2094081},
 acmid = {2094081},
 publisher = {ACM},
 address = {New York, NY, USA},
} 

@inproceedings{WOODPECKER,
 author = {Cui, Heming and Hu, Gang and Wu, Jingyue and Yang, Junfeng},
 title = {Verifying systems rules using rule-directed symbolic execution},
 booktitle = {Proceedings of the eighteenth international conference on Architectural support for programming languages and operating systems},
 year = {2013},
 location = {Houston, Texas, USA},
 pages = {329--342},
 numpages = {14},
 doi = {10.1145/2451116.2451152},
 acmid = {2451152},
 publisher = {ACM},
 address = {New York, NY, USA},
 keywords = {error detection, path slicing, symbolic execution, systems rules, verification},
}

@inproceedings{dora,
 author = {Viennot, Nicolas and Nair, Siddharth and Nieh, Jason},
 title = {Transparent Mutable Replay for Multicore Debugging and Patch Validation},
 booktitle = {Proceedings of the Eighteenth International Conference on Architectural Support for Programming Languages and Operating Systems},
 year = {2013},
 location = {Houston, Texas, USA},
 pages = {127--138},
 numpages = {12},
 doi = {10.1145/2451116.2451130},
 acmid = {2451130},
 publisher = {ACM},
 address = {New York, NY, USA},
 keywords = {debugging, deterministic replay, multicore, mutable replay},
} 

@article{slice:size,
 author = {Binkley, David and Gold, Nicolas and Harman, Mark},
 title = {An empirical study of static program slice size},
 journal = {ACM Trans. Softw. Eng. Methodol.},
 issue_date = {April 2007},
 volume = {16},
 number = {2},
 month = {4},
 year = {2007},
 issn = {1049-331X},
 articleno = {8},
 doi = {10.1145/1217295.1217297},
 acmid = {1217297},
 publisher = {ACM},
 address = {New York, NY, USA},
 keywords = {Program slicing, slice size},
}

@inproceedings{inter-slice,
 author = {Horwitz, S. and Reps, T. and Binkley, D.},
 title = {Interprocedural Slicing Using Dependence Graphs},
 booktitle = {Proceedings of the ACM SIGPLAN 1988 Conference on Programming Language Design and Implementation},
 year = {1988},
 location = {Atlanta, Georgia, USA},
 pages = {35--46},
 numpages = {12},
 publisher = {ACM},
 address = {New York, NY, USA},
} 

@inproceedings{Slicing81,
 author = {Weiser, Mark},
 title = {Program Slicing},
 booktitle = {Proceedings of the 5th International Conference on Software Engineering},
 year = {1981},
 location = {San Diego, California, USA},
 pages = {439--449},
 numpages = {11},
 acmid = {802557},
 publisher = {IEEE Press},
 address = {Piscataway, NJ, USA},
 keywords = {Data flow analysis, Debugging, Human factors, Program maintenance, Program metrics, Software tools},
} 

@inproceedings{choose_trace,
 author = {Guo, Liang and Roychoudhury, Abhik and Wang, Tao},
 title = {Accurately choosing execution runs for software fault localization},
 booktitle = {Proceedings of the 15th international conference on Compiler Construction},
 year = {2006},
 location = {Vienna, Austria},
 pages = {80--95},
 numpages = {16},
 doi = {10.1007/11688839_7},
 acmid = {2182113},
 publisher = {Springer-Verlag},
 address = {Berlin, Heidelberg},
 keywords = {debugging, programming tools},
}

@inproceedings{branch_switch,
 author = {Zhang, Xiangyu and Gupta, Neelam and Gupta, Rajiv},
 title = {Locating faults through automated predicate switching},
 booktitle = {Proceedings of the 28th international conference on Software engineering},
 year = {2006},
 location = {Shanghai, China},
 pages = {272--281},
 numpages = {10},
 doi = {10.1145/1134285.1134324},
 acmid = {1134324},
 publisher = {ACM},
 address = {New York, NY, USA},
 keywords = {automated debugging, dynamic slicing, predicate switching},
}

@inproceedings{Palikareva:2013:MSS:2526861.2526865,
 author = {Palikareva, Hristina and Cadar, Cristian},
 title = {Multi-solver Support in Symbolic Execution},
 booktitle = {Proceedings of the 25th International Conference on Computer Aided Verification},
 year = {2013},
 location = {Saint Petersburg, Russia},
 pages = {53--68},
 numpages = {16},
 doi = {10.1007/978-3-642-39799-8_3},
 acmid = {2526865},
 publisher = {Springer-Verlag},
 address = {Berlin, Heidelberg},
} 

@article{maintenance,
 author = {Collofello, James S. and Woodfield, Scott N.},
 title = {Evaluating the Effectiveness of Reliability-assurance Techniques},
 journal = {J. Syst. Softw.},
 issue_date = {March 1989},
 volume = {9},
 number = {3},
 month = {3},
 year = {1989},
 issn = {0164-1212},
 pages = {191--195},
 numpages = {5},
 doi = {10.1016/0164-1212(89)90039-3},
 acmid = {63669},
 publisher = {Elsevier Science Inc.},
 address = {New York, NY, USA},
} 